<record><leader>00000cas a22000007a 4500</leader><controlfield tag="001">14702178</controlfield><controlfield tag="008">861112d19111929inudn ne      0    0eng d</controlfield><datafield ind1=" " ind2=" " tag="010"><subfield code="a">sn 86058926 </subfield></datafield><datafield ind1=" " ind2=" " tag="040"><subfield code="a">NPI</subfield><subfield code="b">eng</subfield><subfield code="c">NPI</subfield><subfield code="d">OCLCQ</subfield><subfield code="d">IUL</subfield><subfield code="d">OCLCF</subfield></datafield><datafield ind1=" " ind2=" " tag="042"><subfield code="a">msc</subfield></datafield><datafield ind1=" " ind2=" " tag="043"><subfield code="a">n-us-in</subfield></datafield><datafield ind1="0" ind2=" " tag="130"><subfield code="a">Huntington herald (Huntington, Ind. : Daily)</subfield></datafield><datafield ind1="1" ind2="4" tag="245"><subfield code="a">The Huntington herald.</subfield></datafield><datafield ind1=" " ind2=" " tag="260"><subfield code="a">Huntington, Ind. :</subfield><subfield code="b">Herald &amp; News-Express Co.,</subfield><subfield code="c">1911-</subfield></datafield><datafield ind1=" " ind2=" " tag="300"><subfield code="a">v. :</subfield><subfield code="b">ill.</subfield></datafield><datafield ind1=" " ind2=" " tag="310"><subfield code="a">Daily (except Sun.)</subfield></datafield><datafield ind1="0" ind2=" " tag="362"><subfield code="a">27th year, no. 287 (Dec. 4, 1911)-</subfield></datafield><datafield ind1=" " ind2=" " tag="580"><subfield code="a">Formed by the union of: Evening herald (Huntington, Ind.); Morning herald (Huntington, Ind.); and: Morning times-Democrat.</subfield></datafield><datafield ind1=" " ind2="0" tag="651"><subfield code="a">Huntington (Ind.)</subfield><subfield code="v">Newspapers.</subfield></datafield><datafield ind1=" " ind2="0" tag="651"><subfield code="a">Huntington County (Ind.)</subfield><subfield code="v">Newspapers.</subfield></datafield><datafield ind1=" " ind2="7" tag="651"><subfield code="a">Indiana</subfield><subfield code="z">Huntington.</subfield><subfield code="2">fast</subfield><subfield code="0">(OCoLC)fst01213857</subfield></datafield><datafield ind1=" " ind2="7" tag="651"><subfield code="a">Indiana</subfield><subfield code="z">Huntington County.</subfield><subfield code="2">fast</subfield><subfield code="0">(OCoLC)fst01221015</subfield></datafield><datafield ind1=" " ind2="7" tag="655"><subfield code="a">Newspapers.</subfield><subfield code="2">fast</subfield><subfield code="0">(OCoLC)fst01423814</subfield></datafield><datafield ind1=" " ind2=" " tag="752"><subfield code="a">United States</subfield><subfield code="b">Indiana</subfield><subfield code="c">Huntington</subfield><subfield code="d">Huntington.</subfield></datafield><datafield ind1="1" ind2="4" tag="780"><subfield code="t">Evening herald (Huntington, Ind.)</subfield><subfield code="w">(DLC)sn 86058800</subfield><subfield code="w">(OCoLC)14510855</subfield></datafield><datafield ind1="1" ind2="4" tag="780"><subfield code="t">Morning times-Democrat</subfield><subfield code="w">(DLC)sn 87056703</subfield><subfield code="w">(OCoLC)16909612</subfield></datafield><datafield ind1="1" ind2="4" tag="780"><subfield code="t">Morning herald (Huntington, Ind.)</subfield><subfield code="w">(DLC)sn 86058929</subfield><subfield code="w">(OCoLC)14702087</subfield></datafield><datafield ind1="0" ind2="7" tag="785"><subfield code="t">Huntington press</subfield><subfield code="w">(DLC)sn 84045426</subfield><subfield code="w">(OCoLC)11329683</subfield></datafield><datafield ind1="0" ind2="7" tag="785"><subfield code="t">Huntington herald-press</subfield><subfield code="w">(DLC)sn 84045427</subfield><subfield code="w">(OCoLC)11329713</subfield></datafield></record>